<record xmlns="http://www.loc.gov/MARC21/slim" xmlns:xsi="http://www.w3.org/2001/XMLSchema-instance" xsi:schemaLocation="http://www.loc.gov/MARC21/slim http://www.loc.gov/standards/marcxml/schema/MARC21slim.xsd"><leader>01432nam a2200277   4500</leader><controlfield tag="001">001700956</controlfield><controlfield tag="003">NNU</controlfield><controlfield tag="006">m        d        </controlfield><controlfield tag="007">cr cn |||m|||a</controlfield><controlfield tag="008">140707s1954    ae      o     00  0 ara</controlfield><datafield ind1=" " ind2=" " tag="040"><subfield code="a">NNU</subfield><subfield code="b">eng</subfield><subfield code="c">NNU</subfield></datafield><datafield ind1="0" ind2="0" tag="245"><subfield code="a">Qi&#7779;&#7779;at J&#363;d'har al-&#7779;ayy&#257;d wa-al-kharaj al-mar&#7779;&#363;d</subfield><subfield code="h">[electronic resource] :</subfield><subfield code="b">qi&#7779;&#7779;at muqtabasah min Alf laylah wa-laylah /</subfield><subfield code="c">i&#699;tin&#225; bi-nashrih&#257; wa-ta&#7717;a&#7779;&#7779;u&#7779;ih&#257; Hinr&#299; Pir&#299;s.</subfield></datafield><datafield ind1=" " ind2=" " tag="250"><subfield code="a">al-&#7788;ab&#699;ah 5.</subfield></datafield><datafield ind1=" " ind2=" " tag="260"><subfield code="a">al-Jaz&#257;&#700;ir :</subfield><subfield code="b">J. K&#363;rb&#363;nil,</subfield><subfield code="c">1954.</subfield></datafield><datafield ind1=" " ind2=" " tag="300"><subfield code="a">online resource (64, 46 p.)</subfield></datafield><datafield ind1=" " ind2=" " tag="500"><subfield code="a">"Glossaire": p. 5-46 (2d group)</subfield></datafield><datafield ind1=" " ind2=" " tag="500"><subfield code="a">Added t.p.: Histoire de Djo&#251;dhar le pecheur et du sac enchant&#233; : conte extrait de Milles [sic] et une nuits : texte &#233;tabli d'apr&#232;s quatre &#233;ditions accompagn&#233; de variantes et suivi d'un glossaire.</subfield></datafield><datafield ind1=" " ind2=" " tag="500"><subfield code="a">Part of the Arabic Collections Online (ACO) project, contributed by New York Univeristy Libraries.</subfield></datafield><datafield ind1=" " ind2=" " tag="533"><subfield code="a">Electronic reproduction.</subfield><subfield code="b">New York, N.Y. :</subfield><subfield code="c">New York University,</subfield><subfield code="d">2014.</subfield><subfield code="5">NNU</subfield></datafield><datafield ind1="1" ind2=" " tag="700"><subfield code="a">P&#233;r&#232;s, Henri.</subfield></datafield><datafield ind1="2" ind2=" " tag="710"><subfield code="a">New York University.</subfield><subfield code="b">Libraries.</subfield></datafield><datafield ind1="0" ind2=" " tag="730"><subfield code="a">Arabic Collections Online.</subfield></datafield><datafield ind1="0" ind2=" " tag="740"><subfield code="a">Histoire de Djo&#251;dhar le pecheur et du sac enchant&#233;.</subfield></datafield><datafield ind1="0" ind2="8" tag="776"><subfield code="i">Print version:</subfield><subfield code="t">Qi&#7779;&#7779;at J&#363;d'har al-&#7779;ayy&#257;d wa-al-kharaj al-mar&#7779;&#363;d</subfield><subfield code="w">(NNU)001700956</subfield></datafield><datafield ind1="4" ind2="0" tag="856"><subfield code="u">http://hdl.handle.net/2333.1/zcrjdhj7</subfield></datafield><datafield ind1=" " ind2=" " tag="959"><subfield code="a">NNU</subfield><subfield code="b">WEB</subfield><subfield code="c">GENI</subfield><subfield code="t">0</subfield><subfield code="m">Electronic access</subfield><subfield code="s">01</subfield></datafield></record>